@BOOK{DUMMY:1,
AUTHOR="Lira, William W. M.",
TITLE="Apostila de Cálculo Numérico",
YEAR="2009",
}